@inproceedings{welinder2010multidimensional,
  title={The Multidimensional Wisdom of Crowds.},
    author={Welinder, Peter and Branson, Steve and Belongie, Serge J and Perona, Pietro},
      booktitle={NIPS},
        volume={23},
	  pages={2424--2432},
	    year={2010}
	    }

@inproceedings{tian2012learning,
  title={Learning from crowds in the presence of schools of thought},
  author={Tian, Yuandong and Zhu, Jun},
  booktitle={Proceedings of the 18th ACM SIGKDD international conference on Knowledge discovery and data mining},
  pages={226--234},
  year={2012},
  organization={ACM}
}

@article{zhang2013learning,
  title={Learning by aggregating experts and filtering novices: a solution to crowdsourcing problems in bioinformatics},
  author={Zhang, Ping and Cao, Weidan and Obradovic, Zoran},
  journal={BMC bioinformatics},
  volume={14},
  number={12},
  pages={S5},
  year={2013},
  publisher={BioMed Central}
}

@inproceedings{rodrigues2014gaussian,
  title={Gaussian Process Classification and Active Learning with Multiple Annotators.},
  author={Rodrigues, Filipe and Pereira, Francisco C and Ribeiro, Bernardete},
  booktitle={ICML},
  pages={433--441},
  year={2014}
}

@inproceedings{bi2014learning,
  title={Learning to Predict from Crowdsourced Data.},
  author={Bi, Wei and Wang, Liwei and Kwok, James T and Tu, Zhuowen},
  booktitle={UAI},
  pages={82--91},
  year={2014}
}

@ARTICLE{li_liu_2015,
   author = {{Li}, H. and {Liu}, Q.},
    title = "{Cheaper and Better: Selecting Good Workers for Crowdsourcing}",
  journal = {ArXiv e-prints},
archivePrefix = "arXiv",
   eprint = {1502.00725},
 primaryClass = "stat.ML",
 keywords = {Statistics - Machine Learning, Computer Science - Artificial Intelligence, Computer Science - Learning, Statistics - Applications},
     year = 2015,
    month = feb,
   adsurl = {http://adsabs.harvard.edu/abs/2015arXiv150200725L},
  adsnote = {Provided by the SAO/NASA Astrophysics Data System}
}

@inproceedings{wang2015efficient,
  title={Efficient learning by directed acyclic graph for resource constrained prediction},
  author={Wang, Joseph and Trapeznikov, Kirill and Saligrama, Venkatesh},
  booktitle={Advances in Neural Information Processing Systems},
  pages={2152--2160},
  year={2015}
}

@inproceedings{xiao2013learning,
  title={Learning from multiple observers with unknown expertise},
  author={Xiao, Han and Xiao, Huang and Eckert, Claudia},
  booktitle={Pacific-Asia Conference on Knowledge Discovery and Data Mining},
  pages={595--606},
  year={2013},
  organization={Springer}
}